<?xml version = "1.0" encoding = "UTF-8"?><OAI-PMH xmlns="http://www.openarchives.org/OAI/2.0/" xmlns:xsi="http://www.w3.org/2001/XMLSchema-instance" xsi:schemaLocation="http://www.openarchives.org/OAI/2.0/ http://www.openarchives.org/OAI/2.0/OAI-PMH.xsd"><ListRecords><record><header><identifier>aleph-publish:015645244</identifier></header><metadata><record xmlns="http://www.ddb.de/professionell/mabxml/mabxml-1.xsd"><leader>01194vM2.01200024------h</leader><controlfield tag="LDR">01194vM2.01200024------h</controlfield><controlfield tag="FMT">MH</controlfield><datafield tag="001" ind1="-" ind2="1"><subfield code="a">HT015051471</subfield></datafield><datafield tag="002" ind1="a" ind2="1"><subfield code="a">20070419</subfield></datafield><datafield tag="003" ind1="-" ind2="1"><subfield code="a">20090629</subfield></datafield><datafield tag="026" ind1="-" ind2="1"><subfield code="a">HBZHT015051471</subfield></datafield><controlfield tag="030">a|1uc||||||37</controlfield><datafield tag="036" ind1="a" ind2="1"><subfield code="a">DE</subfield></datafield><datafield tag="037" ind1="b" ind2="1"><subfield code="a">lat</subfield></datafield><controlfield tag="050">a|||||||||||||</controlfield><controlfield tag="051">s|||||||</controlfield><datafield tag="070" ind1="-" ind2="1"><subfield code="a">6</subfield></datafield><datafield tag="070" ind1="b" ind2="1"><subfield code="a">107</subfield></datafield><datafield tag="080" ind1="-" ind2="1"><subfield code="a">60</subfield></datafield><datafield tag="100" ind1="b" ind2="1"><subfield code="p">Hägermann, Dieter</subfield><subfield code="d">1939-2006</subfield><subfield code="b">[Bearb.]</subfield><subfield code="9">(DE-588)120799162</subfield></datafield><datafield tag="101" ind1="-" ind2="1"><subfield code="p">Hägermann, D.</subfield><subfield code="d">1939-2006</subfield></datafield><datafield tag="104" ind1="b" ind2="1"><subfield code="p">Heinrich Raspe</subfield><subfield code="c">Heiliges Römisches Reich, König, Gegenkönig</subfield><subfield code="d">1204-1247</subfield><subfield code="9">(DE-588)118883690</subfield></datafield><datafield tag="105" ind1="-" ind2="1"><subfield code="p">Heinrich</subfield><subfield code="c">Thüringen, Landgraf</subfield><subfield code="d">1204-1247</subfield></datafield><datafield tag="105" ind1="-" ind2="1"><subfield code="p">Henricus</subfield><subfield code="c">Germania, Imperator</subfield><subfield code="d">1204-1247</subfield></datafield><datafield tag="105" ind1="-" ind2="1"><subfield code="p">Henricus</subfield><subfield code="c">Imperium Romanum-Germanicum, Imperator</subfield><subfield code="d">1204-1247</subfield></datafield><datafield tag="105" ind1="-" ind2="1"><subfield code="p">Heinrich Raspe</subfield><subfield code="c">Thüringen, Landgraf</subfield><subfield code="d">1204-1247</subfield></datafield><datafield tag="105" ind1="-" ind2="1"><subfield code="p">Heinrich</subfield><subfield code="c">Raspe</subfield><subfield code="d">1204-1247</subfield></datafield><datafield tag="105" ind1="-" ind2="1"><subfield code="p">Raspe, Heinrich</subfield><subfield code="d">1204-1247</subfield></datafield><datafield tag="105" ind1="-" ind2="1"><subfield code="p">Henricus</subfield><subfield code="c">Rasponis</subfield><subfield code="d">1204-1247</subfield></datafield><datafield tag="105" ind1="-" ind2="1"><subfield code="p">Rasponis, Henricus</subfield><subfield code="d">1204-1247</subfield></datafield><datafield tag="105" ind1="-" ind2="1"><subfield code="p">Heinrich Raspe</subfield><subfield code="c">König, Gegenkönig, Römisch-Deutsches Reich</subfield><subfield code="d">1204-1247</subfield></datafield><datafield tag="105" ind1="-" ind2="1"><subfield code="p">Heinrich</subfield><subfield code="c">Landgraf von Thüringen</subfield><subfield code="d">1204-1247</subfield></datafield><datafield tag="105" ind1="-" ind2="1"><subfield code="p">Henricus</subfield><subfield code="c">Imperator, Germania</subfield><subfield code="d">1204-1247</subfield></datafield><datafield tag="105" ind1="-" ind2="1"><subfield code="p">Henricus</subfield><subfield code="c">Imperator, Imperium Romanum-Germanicum</subfield><subfield code="d">1204-1247</subfield></datafield><datafield tag="105" ind1="-" ind2="1"><subfield code="p">Heinrich Raspe</subfield><subfield code="c">Landgraf von Thüringen</subfield><subfield code="d">1204-1247</subfield></datafield><datafield tag="108" ind1="b" ind2="1"><subfield code="p">Wilhelm</subfield><subfield code="c">Heiliges Römisches Reich, König</subfield><subfield code="d">1227-1256</subfield><subfield code="9">(DE-588)118632930</subfield></datafield><datafield tag="109" ind1="-" ind2="1"><subfield code="p">Wilhelm</subfield><subfield code="n">II.</subfield><subfield code="c">Holland, Graf</subfield><subfield code="d">1227-1256</subfield></datafield><datafield tag="109" ind1="-" ind2="1"><subfield code="p">Wilhelm</subfield><subfield code="c">von Holland, 1227-1256</subfield><subfield code="d">1227-1256</subfield></datafield><datafield tag="109" ind1="-" ind2="1"><subfield code="p">Guilelmus</subfield><subfield code="c">Imperium Romanum-Germanicum, Imperator</subfield><subfield code="d">1227-1256</subfield></datafield><datafield tag="109" ind1="-" ind2="1"><subfield code="p">Wilhelm</subfield><subfield code="c">Heiliges Römisches Reich, König, Gegenkönig</subfield><subfield code="d">1227-1256</subfield></datafield><datafield tag="109" ind1="-" ind2="1"><subfield code="p">Guilelmus</subfield><subfield code="c">de Hollandia</subfield><subfield code="d">1227-1256</subfield></datafield><datafield tag="109" ind1="-" ind2="1"><subfield code="p">Hollandia, Guilelmus &lt;&lt;de&gt;&gt;</subfield><subfield code="d">1227-1256</subfield></datafield><datafield tag="109" ind1="-" ind2="1"><subfield code="p">Wilhelm</subfield><subfield code="c">von Holland</subfield><subfield code="d">1227-1256</subfield></datafield><datafield tag="109" ind1="-" ind2="1"><subfield code="p">Guilelmus</subfield><subfield code="c">König des Römisch-Deutschen Reiches</subfield><subfield code="d">1227-1256</subfield></datafield><datafield tag="109" ind1="-" ind2="1"><subfield code="p">Wilhelm</subfield><subfield code="c">König des Römisch-Deutschen Reichs</subfield><subfield code="d">1227-1256</subfield></datafield><datafield tag="109" ind1="-" ind2="1"><subfield code="p">Wilhelm</subfield><subfield code="c">König des Römisch-Deutschen Reiches</subfield><subfield code="d">1227-1256</subfield></datafield><datafield tag="109" ind1="-" ind2="1"><subfield code="p">Wilhelm</subfield><subfield code="n">II</subfield><subfield code="c">Graf von Holland</subfield><subfield code="d">1227-1256</subfield></datafield><datafield tag="109" ind1="-" ind2="1"><subfield code="p">Guilelmus</subfield><subfield code="c">Imperator, Imperium Romanum-Germanicum</subfield><subfield code="d">1227-1256</subfield></datafield><datafield tag="109" ind1="-" ind2="1"><subfield code="p">Wilhelm</subfield><subfield code="c">König, Gegenkönig, Römisch-Deutsches Reich</subfield><subfield code="d">1227-1256</subfield></datafield><datafield tag="331" ind1="-" ind2="1"><subfield code="a">&lt;&lt;Die&gt;&gt; Urkunden Heinrich Raspes und Wilhelms von Holland</subfield></datafield><datafield tag="359" ind1="-" ind2="1"><subfield code="a">bearb. von Dieter Hägermann ...</subfield></datafield><datafield tag="370" ind1="a" ind2="1"><subfield code="a">Heinrici Rasponis et Wilhelmi de Hollandia diplomata</subfield></datafield><datafield tag="410" ind1="-" ind2="1"><subfield code="a">Hannover</subfield></datafield><datafield tag="412" ind1="-" ind2="1"><subfield code="a">Hahn</subfield></datafield><datafield tag="425" ind1="a" ind2="1"><subfield code="a">2006</subfield></datafield><datafield tag="433" ind1="-" ind2="1"><subfield code="a">CXI, 743 S.</subfield></datafield><datafield tag="451" ind1="-" ind2="1"><subfield code="a">&lt;&lt;Die&gt;&gt; Urkunden der deutschen Könige und Kaiser ; 18</subfield></datafield><datafield tag="453" ind1="-" ind2="1"><subfield code="a">HT002797981</subfield></datafield><datafield tag="455" ind1="-" ind2="1"><subfield code="a">18</subfield></datafield><datafield tag="456" ind1="-" ind2="1"><subfield code="a">18</subfield></datafield><datafield tag="461" ind1="-" ind2="1"><subfield code="a">Monumenta Germaniae Historica : [Diplomata] : Die Urkunden der deutschen Könige und Kaiser = Diplomata regum et imperatorum Germaniae ; 18</subfield></datafield><datafield tag="463" ind1="-" ind2="1"><subfield code="a">HT002201883</subfield></datafield><datafield tag="465" ind1="-" ind2="1"><subfield code="a">Diplomata : Die Urkunden der deutschen Könige und Kaiser ; 18</subfield></datafield><datafield tag="466" ind1="-" ind2="1"><subfield code="a">C,4,18</subfield></datafield><datafield tag="505" ind1="-" ind2="1"><subfield code="p">Parallelt.</subfield><subfield code="a">Heinrici Rasponis et Wilhelmi de Hollandia diplomata</subfield></datafield><datafield tag="523" ind1="-" ind2="1"><subfield code="a">Lfg. erschienen 1989 - 2006</subfield></datafield><datafield tag="540" ind1="a" ind2="1"><subfield code="a">978-3-7752-2018-7</subfield></datafield><datafield tag="700" ind1="l" ind2="1"><subfield code="a">330</subfield></datafield><datafield tag="902" ind1="-" ind2="1"><subfield code="p">Wilhelm</subfield><subfield code="c">Heiliges Römisches Reich, König</subfield><subfield code="d">1227-1256</subfield><subfield code="9">(DE-588)118632930</subfield></datafield><datafield tag="902" ind1="-" ind2="1"><subfield code="s">Urkunde</subfield><subfield code="9">(DE-588)4062132-7</subfield></datafield><datafield tag="902" ind1="-" ind2="1"><subfield code="f">Quelle</subfield></datafield><datafield tag="903" ind1="-" ind2="1"><subfield code="a">213</subfield></datafield><datafield tag="907" ind1="-" ind2="1"><subfield code="p">Heinrich Raspe</subfield><subfield code="c">Heiliges Römisches Reich, König, Gegenkönig</subfield><subfield code="d">1204-1247</subfield><subfield code="9">(DE-588)118883690</subfield></datafield><datafield tag="907" ind1="-" ind2="1"><subfield code="s">Urkunde</subfield><subfield code="9">(DE-588)4062132-7</subfield></datafield><datafield tag="907" ind1="-" ind2="1"><subfield code="f">Quelle</subfield></datafield><datafield tag="908" ind1="-" ind2="1"><subfield code="a">213</subfield></datafield><controlfield tag="SYS">015645244</controlfield><datafield tag="LOW" ind1="-" ind2="1"><subfield code="a">M0001</subfield></datafield><datafield tag="LOW" ind1="-" ind2="1"><subfield code="a">M1129</subfield></datafield><datafield tag="952" ind1="-" ind2="1"><subfield code="p">Wilhelm</subfield><subfield code="n">II.</subfield><subfield code="c">Holland, Graf</subfield><subfield code="d">1227-1256</subfield></datafield><datafield tag="952" ind1="-" ind2="1"><subfield code="p">Wilhelm</subfield><subfield code="c">von Holland, 1227-1256</subfield><subfield code="d">1227-1256</subfield></datafield><datafield tag="952" ind1="-" ind2="1"><subfield code="p">Guilelmus</subfield><subfield code="c">Imperium Romanum-Germanicum, Imperator</subfield><subfield code="d">1227-1256</subfield></datafield><datafield tag="952" ind1="-" ind2="1"><subfield code="p">Wilhelm</subfield><subfield code="c">Heiliges Römisches Reich, König, Gegenkönig</subfield><subfield code="d">1227-1256</subfield></datafield><datafield tag="952" ind1="-" ind2="1"><subfield code="p">Guilelmus</subfield><subfield code="c">de Hollandia</subfield><subfield code="d">1227-1256</subfield></datafield><datafield tag="952" ind1="-" ind2="1"><subfield code="p">Hollandia, Guilelmus &lt;&lt;de&gt;&gt;</subfield><subfield code="d">1227-1256</subfield></datafield><datafield tag="952" ind1="-" ind2="1"><subfield code="p">Wilhelm</subfield><subfield code="c">von Holland</subfield><subfield code="d">1227-1256</subfield></datafield><datafield tag="952" ind1="-" ind2="1"><subfield code="p">Guilelmus</subfield><subfield code="c">König des Römisch-Deutschen Reiches</subfield><subfield code="d">1227-1256</subfield></datafield><datafield tag="952" ind1="-" ind2="1"><subfield code="p">Wilhelm</subfield><subfield code="c">König des Römisch-Deutschen Reichs</subfield><subfield code="d">1227-1256</subfield></datafield><datafield tag="952" ind1="-" ind2="1"><subfield code="p">Wilhelm</subfield><subfield code="c">König des Römisch-Deutschen Reiches</subfield><subfield code="d">1227-1256</subfield></datafield><datafield tag="952" ind1="-" ind2="1"><subfield code="p">Wilhelm</subfield><subfield code="n">II</subfield><subfield code="c">Graf von Holland</subfield><subfield code="d">1227-1256</subfield></datafield><datafield tag="952" ind1="-" ind2="1"><subfield code="p">Guilelmus</subfield><subfield code="c">Imperator, Imperium Romanum-Germanicum</subfield><subfield code="d">1227-1256</subfield></datafield><datafield tag="952" ind1="-" ind2="1"><subfield code="p">Wilhelm</subfield><subfield code="c">König, Gegenkönig, Römisch-Deutsches Reich</subfield><subfield code="d">1227-1256</subfield></datafield><datafield tag="952" ind1="-" ind2="1"><subfield code="s">Akten</subfield><subfield code="h">Formschlagwort</subfield></datafield><datafield tag="952" ind1="-" ind2="1"><subfield code="s">Urkunden</subfield></datafield><datafield tag="952" ind1="-" ind2="1"><subfield code="s">Urkundenwesen</subfield></datafield><datafield tag="957" ind1="-" ind2="1"><subfield code="p">Heinrich</subfield><subfield code="c">Thüringen, Landgraf</subfield><subfield code="d">1204-1247</subfield></datafield><datafield tag="957" ind1="-" ind2="1"><subfield code="p">Henricus</subfield><subfield code="c">Germania, Imperator</subfield><subfield code="d">1204-1247</subfield></datafield><datafield tag="957" ind1="-" ind2="1"><subfield code="p">Henricus</subfield><subfield code="c">Imperium Romanum-Germanicum, Imperator</subfield><subfield code="d">1204-1247</subfield></datafield><datafield tag="957" ind1="-" ind2="1"><subfield code="p">Heinrich Raspe</subfield><subfield code="c">Thüringen, Landgraf</subfield><subfield code="d">1204-1247</subfield></datafield><datafield tag="957" ind1="-" ind2="1"><subfield code="p">Heinrich</subfield><subfield code="c">Raspe</subfield><subfield code="d">1204-1247</subfield></datafield><datafield tag="957" ind1="-" ind2="1"><subfield code="p">Raspe, Heinrich</subfield><subfield code="d">1204-1247</subfield></datafield><datafield tag="957" ind1="-" ind2="1"><subfield code="p">Henricus</subfield><subfield code="c">Rasponis</subfield><subfield code="d">1204-1247</subfield></datafield><datafield tag="957" ind1="-" ind2="1"><subfield code="p">Rasponis, Henricus</subfield><subfield code="d">1204-1247</subfield></datafield><datafield tag="957" ind1="-" ind2="1"><subfield code="p">Heinrich Raspe</subfield><subfield code="c">König, Gegenkönig, Römisch-Deutsches Reich</subfield><subfield code="d">1204-1247</subfield></datafield><datafield tag="957" ind1="-" ind2="1"><subfield code="p">Heinrich</subfield><subfield code="c">Landgraf von Thüringen</subfield><subfield code="d">1204-1247</subfield></datafield><datafield tag="957" ind1="-" ind2="1"><subfield code="p">Henricus</subfield><subfield code="c">Imperator, Germania</subfield><subfield code="d">1204-1247</subfield></datafield><datafield tag="957" ind1="-" ind2="1"><subfield code="p">Henricus</subfield><subfield code="c">Imperator, Imperium Romanum-Germanicum</subfield><subfield code="d">1204-1247</subfield></datafield><datafield tag="957" ind1="-" ind2="1"><subfield code="p">Heinrich Raspe</subfield><subfield code="c">Landgraf von Thüringen</subfield><subfield code="d">1204-1247</subfield></datafield><datafield tag="957" ind1="-" ind2="1"><subfield code="s">Akten</subfield><subfield code="h">Formschlagwort</subfield></datafield><datafield tag="957" ind1="-" ind2="1"><subfield code="s">Urkunden</subfield></datafield><datafield tag="957" ind1="-" ind2="1"><subfield code="s">Urkundenwesen</subfield></datafield><datafield tag="088" ind1=" " ind2=" "><subfield code="a">6/248</subfield><subfield code="b">00016001</subfield><subfield code="c">D 164 -18-</subfield><subfield code="e">keine ILL</subfield></datafield><datafield tag="088" ind1=" " ind2=" "><subfield code="a">6</subfield><subfield code="b">00000053</subfield><subfield code="c">3C 19725-18</subfield><subfield code="e">keine ILL</subfield></datafield><datafield tag="088" ind1=" " ind2=" "><subfield code="a">6</subfield><subfield code="b">00000040</subfield><subfield code="c">3C 19725A-18</subfield><subfield code="e">ILL Ausleihe</subfield></datafield><datafield tag="088" ind1=" " ind2=" "><subfield code="a">Tr 2</subfield><subfield code="b">L</subfield><subfield code="c">LS XVI 80/3:18</subfield><subfield code="e">p/nur FL/F</subfield></datafield><datafield tag="088" ind1=" " ind2=" "><subfield code="a">Kn 28</subfield><subfield code="b">LS</subfield><subfield code="c">MGH C 7 (18)</subfield><subfield code="e">Präsenzbestand</subfield></datafield></record></metadata></record></ListRecords></OAI-PMH>